<record><leader>00000cas a22000007a 4500</leader><controlfield tag="001">10945343</controlfield><controlfield tag="008">840713d183u18uualuwr ne      0   a0eng d</controlfield><datafield ind1=" " ind2=" " tag="010"><subfield code="a">sn 84023600 </subfield></datafield><datafield ind1=" " ind2=" " tag="040"><subfield code="a">AQM</subfield><subfield code="b">eng</subfield><subfield code="c">AQM</subfield><subfield code="d">NPX</subfield><subfield code="d">CPN</subfield><subfield code="d">MGN</subfield><subfield code="d">DLC</subfield><subfield code="d">OCL</subfield><subfield code="d">OCLCG</subfield><subfield code="d">OCLCQ</subfield><subfield code="d">OCLCA</subfield><subfield code="d">DLC</subfield></datafield><datafield ind1="1" ind2=" " tag="022"><subfield code="a">2574-4097</subfield><subfield code="2">1</subfield></datafield><datafield ind1=" " ind2=" " tag="042"><subfield code="a">msc</subfield><subfield code="a">nsdp</subfield></datafield><datafield ind1="1" ind2="0" tag="050"><subfield code="a">ISSN RECORD</subfield></datafield><datafield ind1="0" ind2=" " tag="130"><subfield code="a">Alabama State intelligencer (Tuscaloosa, Ala. : 1837)</subfield></datafield><datafield ind1=" " ind2="0" tag="222"><subfield code="a">Alabama State intelligencer</subfield><subfield code="b">(1837)</subfield></datafield><datafield ind1="1" ind2="0" tag="245"><subfield code="a">Alabama State intelligencer.</subfield></datafield><datafield ind1=" " ind2=" " tag="260"><subfield code="a">Tuskaloosa [sic], Ala. :</subfield><subfield code="b">T.M. Bradford</subfield></datafield><datafield ind1=" " ind2=" " tag="300"><subfield code="a">v.</subfield></datafield><datafield ind1=" " ind2=" " tag="310"><subfield code="a">Weekly</subfield></datafield><datafield ind1=" " ind2=" " tag="500"><subfield code="a">Editors: C.C. Baldwin, C.B. Baldwin, &lt;1838&gt;.</subfield></datafield><datafield ind1=" " ind2=" " tag="588"><subfield code="a">Description based on: Vol. 9, no. 4 (Apr. 24, 1837).</subfield></datafield><datafield ind1="1" ind2=" " tag="700"><subfield code="a">Baldwin, C. C.</subfield><subfield code="q">(Cornelius Clarke),</subfield><subfield code="d">1811-</subfield></datafield><datafield ind1="1" ind2=" " tag="700"><subfield code="a">Baldwin, Cyrus B.</subfield></datafield><datafield ind1=" " ind2=" " tag="752"><subfield code="a">United States</subfield><subfield code="b">Alabama</subfield><subfield code="c">Tuscaloosa</subfield><subfield code="d">Tuscaloosa.</subfield></datafield><datafield ind1="0" ind2="0" tag="780"><subfield code="t">Alabama intelligencer and state rights expositor</subfield><subfield code="x">2574-4070</subfield><subfield code="w">(DLC)sn 83025437</subfield><subfield code="w">(OCoLC)9467505</subfield></datafield><datafield ind1="1" ind2=" " tag="029"><subfield code="a">AU@</subfield><subfield code="b">000025825740</subfield></datafield></record>